<?xml version="1.0" encoding="UTF-8"?><record xmlns="http://www.loc.gov/MARC21/slim" xmlns:cinclude="http://apache.org/cocoon/include/1.0" xmlns:zs="http://www.loc.gov/zing/srw/">
  <leader>00703cz  a2200169n  4500</leader>
  <controlfield tag="001">no 99010555 </controlfield>
  <controlfield tag="003">DLC</controlfield>
  <controlfield tag="005">20090110082306.0</controlfield>
  <controlfield tag="008">990216n| acannaabn          |n aaa     c</controlfield>
  <datafield tag="010" ind1=" " ind2=" ">
    <subfield code="a">no 99010555 </subfield>
  </datafield>
  <datafield tag="035" ind1=" " ind2=" ">
    <subfield code="a">(OCoLC)oca04921675</subfield>
  </datafield>
  <datafield tag="040" ind1=" " ind2=" ">
    <subfield code="a">ViNSC</subfield>
    <subfield code="c">ViNSC</subfield>
    <subfield code="d">DLC</subfield>
  </datafield>
  <datafield tag="100" ind1="1" ind2=" ">
    <subfield code="a">Miller, Emanuel,</subfield>
    <subfield code="d">1893-1970</subfield>
  </datafield>
  <datafield tag="670" ind1=" " ind2=" ">
    <subfield code="a">The neuroses in war, 1940:</subfield>
    <subfield code="b">t.p. (Emanuel Miller)</subfield>
  </datafield>
  <datafield tag="670" ind1=" " ind2=" ">
    <subfield code="a">LC in OCLC, Feb. 2, 1999</subfield>
    <subfield code="b">(hdg.: Miller, Emanuel, 1893-  ; usage: Emanuel Miller)</subfield>
  </datafield>
  <datafield tag="670" ind1=" " ind2=" ">
    <subfield code="a">British journal of criminology, v. 11, no. 1, p. 4</subfield>
    <subfield code="b">(Miller, Emanuel, M.A., F.R.C.P., D.P.M. 1893-1970)</subfield>
  </datafield>
  <datafield tag="670" ind1=" " ind2=" ">
    <subfield code="a">Biog. resource center (Encyc. Judaica), Jan. 9, 2009</subfield>
    <subfield code="b">(Miller, Emanuel; b. 1893; d. 1970; british psychiatrist)</subfield>
  </datafield>
</record>